@article{miller2015remote,
  title={Remote exploitation of an unaltered passenger vehicle},
  author={Miller, Charlie and Valasek, Chris},
  journal={Black Hat USA},
  volume={2015},
  number={S 91},
  pages={1--91},
  year={2015}
}

@article{alshammari2018classification,
  title={Classification approach for intrusion detection in vehicle systems},
  author={Alshammari, Abdulaziz and Zohdy, Mohamed A and Debnath, Debatosh and Corser, George},
  journal={Wireless Engineering and Technology},
  volume={9},
  number={4},
  pages={79--94},
  year={2018},
  publisher={Scientific Research Publishing}
}

@article{lokman2018stacked,
  title={Stacked sparse autoencodersbased outlier discovery for in-vehicle controller area network (CAN)},
  author={Lokman, Siti Farhana and Othman, Abu Talib and Bakar, Muhamad Husaini Abu and Razuwan, Rizal},
  journal={Int. J. Eng. Technol},
  volume={7},
  number={4.33},
  pages={375--380},
  year={2018}
}

@article{ali2018intelligent,
  title={Intelligent intrusion detection in external communication systems for autonomous vehicles},
  author={Ali Alheeti, Khattab M and McDonald-Maier, Klaus},
  journal={Systems Science \& Control Engineering},
  volume={6},
  number={1},
  pages={48--56},
  year={2018},
  publisher={Taylor \& Francis}
}

@article{team2020pandas,
  title={Pandas development Pandas-dev/pandas: Pandas},
  author={Team, The Pandas Development},
  journal={Zenodo},
  volume={21},
  pages={1--9},
  year={2020}
}

@article{chen2015xgboost,
  title={Xgboost: extreme gradient boosting},
  author={Chen, Tianqi and He, Tong and Benesty, Michael and Khotilovich, Vadim and Tang, Yuan and Cho, Hyunsu and Chen, Kailong and Mitchell, Rory and Cano, Ignacio and Zhou, Tianyi and others},
  journal={R package version 0.4-2},
  volume={1},
  number={4},
  pages={1--4},
  year={2015}
}

@inproceedings{komer2014hyperopt,
  title={Hyperopt-Sklearn: Automatic Hyperparameter Configuration for Scikit-Learn.},
  author={Komer, Brent and Bergstra, James and Eliasmith, Chris},
  booktitle={Scipy},
  pages={32--37},
  year={2014}
}

@article{head2018scikit,
  title={scikit-optimize/scikit-optimize: v0. 5.2; 2018},
  author={Head, Tim and MechCoder, Gilles Louppe and Shcherbatyi, Iaroslav and others},
  journal={URL https://doi. org/10.5281/zenodo},
  volume={1207017},
  year={2018}
}

@inproceedings{seo2018gids,
  title={GIDS: GAN based intrusion detection system for in-vehicle network},
  author={Seo, Eunbi and Song, Hyun Min and Kim, Huy Kang},
  booktitle={2018 16th Annual Conference on Privacy, Security and Trust (PST)},
  pages={1--6},
  year={2018},
  organization={IEEE}
}

@inproceedings{na2010research,
  title={Research on k-means clustering algorithm: An improved k-means clustering algorithm},
  author={Na, Shi and Xumin, Liu and Yong, Guan},
  booktitle={2010 Third International Symposium on intelligent information technology and security informatics},
  pages={63--67},
  year={2010},
  organization={Ieee}
}

@article{yang2020hyperparameter,
  title={On hyperparameter optimization of machine learning algorithms: Theory and practice},
  author={Yang, Li and Shami, Abdallah},
  journal={Neurocomputing},
  volume={415},
  pages={295--316},
  year={2020},
  publisher={Elsevier}
}

@article{uddin2024confirming,
  title={Confirming the statistically significant superiority of tree-based machine learning algorithms over their counterparts for tabular data},
  author={Uddin, Shahadat and Lu, Haohui},
  journal={Plos one},
  volume={19},
  number={4},
  pages={e0301541},
  year={2024},
  publisher={Public Library of Science San Francisco, CA USA}
}

@article{louppe2014understanding,
  title={Understanding random forests},
  author={Louppe, Gilles},
  journal={Cornell University Library},
  volume={10},
  year={2014}
}

@article{geurts2006extremely,
  title={Extremely randomized trees},
  author={Geurts, Pierre and Ernst, Damien and Wehenkel, Louis},
  journal={Machine learning},
  volume={63},
  pages={3--42},
  year={2006},
  publisher={Springer}
}

@inproceedings{mohammed2018using,
  title={Using stacking ensemble for microarray-based cancer classification},
  author={Mohammed, Mohanad and Mwambi, Henry and Omolo, Bernard and Elbashir, Murtada Khalafallah},
  booktitle={2018 International Conference on Computer, Control, Electrical, and Electronics Engineering (ICCCEEE)},
  pages={1--8},
  year={2018},
  organization={IEEE}
}

@inproceedings{akiba2019optuna,
  title={Optuna: A next-generation hyperparameter optimization framework},
  author={Akiba, Takuya and Sano, Shotaro and Yanase, Toshihiko and Ohta, Takeru and Koyama, Masanori},
  booktitle={Proceedings of the 25th ACM SIGKDD international conference on knowledge discovery \& data mining},
  pages={2623--2631},
  year={2019}
}

@article{hastie2009random,
  title={Random forests},
  author={Hastie, Trevor and Tibshirani, Robert and Friedman, Jerome and Hastie, Trevor and Tibshirani, Robert and Friedman, Jerome},
  journal={The elements of statistical learning: Data mining, inference, and prediction},
  pages={587--604},
  year={2009},
  publisher={Springer}
}

@inproceedings{ferriyan2017feature,
  title={Feature selection using genetic algorithm to improve classification in network intrusion detection system},
  author={Ferriyan, Andrey and Thamrin, Achmad Husni and Takeda, Keiji and Murai, Jun},
  booktitle={2017 international electronics symposium on knowledge creation and intelligent computing (IES-KCIC)},
  pages={46--49},
  year={2017},
  organization={IEEE}
}

@article{yang2021mth,
  title={MTH-IDS: A multitiered hybrid intrusion detection system for internet of vehicles},
  author={Yang, Li and Moubayed, Abdallah and Shami, Abdallah},
  journal={IEEE Internet of Things Journal},
  volume={9},
  number={1},
  pages={616--632},
  year={2021},
  publisher={IEEE}
}

@inproceedings{sharafaldin2019detailed,
  title={A detailed analysis of the cicids2017 data set},
  author={Sharafaldin, Iman and Habibi Lashkari, Arash and Ghorbani, Ali A},
  booktitle={Information Systems Security and Privacy: 4th International Conference, ICISSP 2018, Funchal-Madeira, Portugal, January 22-24, 2018, Revised Selected Papers 4},
  pages={172--188},
  year={2019},
  organization={Springer}
}